2117 3199
982 163 1044 211 76

828 283 1196 341 Megaronides.

164 372 290 415 Homo
322 368 561 412 conducatur
591 364 727 420 aliquis
755 363 844 416 iarn,
876 367 1062 418 quantum
1090 360 1233 414 potest,

167 448 288 499 Quasi
317 446 366 490 sit
393 443 641 500 peregrinus.

886 513 1136 556 Callicles.

685 592 786 642 Quid
814 592 916 635 istoc
944 590 1080 632 facere
1108 587 1279 643 postea?

821 665 1197 722 Megaronides.

59 755 139 796 765
168 752 206 796 Is
235 752 354 794 homo
386 749 602 791 exornetur
630 745 820 801 graphice
848 745 888 786 in
916 742 1169 798 peregrinum
1199 738 1371 790 modim,

168 829 307 884 Ignota
336 827 451 880 sa‘cie,
484 837 586 879 quae
615 835 696 865 non
724 821 876 865 visitata
906 820 967 872 sit,

170 903 414 956 Falsidicum‚
445 900 723 944 cenfidentem.

889 971 920 1014 C
933 970 1015 1013 alli
1025 970 1100 1012 cle
1112 981 1146 1012 s.

770 1047 871 1099 Quid
898 1053 979 1091 tum
1008 1044 1180 1102 postea?

826 1121 1202 1181 Megaronides.

173 1208 294 1258 Quasi
321 1209 370 1251 ad
400 1206 694 1249 adulescentem
724 1216 747 1245 a
776 1207 888 1257 patre
917 1202 969 1243 ex
998 1198 1178 1244 Seleucia

174 1287 328 1340 Veniat,
361 1284 525 1328 saltitem
555 1281 592 1323 ei
621 1279 770 1322 nuntiet
798 1276 930 1320 verbis
959 1275 1093 1331 patriS‚

69 1365 144 1408 770
173 1364 283 1408 Illum
310 1363 416 1405 bene
445 1360 593 1415 gerere
622 1369 721 1410 rem,
753 1360 793 1397 et
821 1354 955 1397 valere
985 1358 1026 1395 et
1054 1351 1201 1404 vivere,

172 1440 223 1483 Et
251 1452 343 1482 eum
371 1436 586 1480 rediterum
613 1436 795 1475 actutum.
825 1430 926 1473 ferat
956 1428 1141 1484 epistulas

175 1518 303 1560 Duas:
335 1527 405 1558 eas
434 1524 509 1555 nos
540 1510 836 1564 censignemus,
867 1507 979 1562 quasi
1013 1506 1089 1548 sint
1118 1517 1141 1546 a
1169 1503 1298 1557 patre:

174 1594 253 1637 Det
281 1592 441 1635 alteram
469 1588 534 1642 illi,
565 1587 725 1630 alteram
755 1583 859 1628 dicat
885 1582 952 1625 tihi

175 1670 282 1713 Dare
312 1680 407 1712 sese
436 1665 551 1708 velle.

906 1732 1154 1776 Callicles.

613 1815 745 1869 Perge
774 1811 896 1867 perro
925 1809 1074 1852 dicere.

839 1883 1210 1942 Megaronides.

68 1979 148 2019 775
179 1975 314 2029 Seque
344 1984 480 2015 aurum
510 1970 617 2011 ferre
647 1964 785 2022 virgini
815 1964 948 2006 dotem
978 1975 1002 2005 a
1030 1962 1142 2016 patre

179 2053 305 2104 Dicat,
336 2049 565 2105 patremque
594 2043 632 2086 id
662 2042 727 2084 tibi
756 2040 921 2084 iussisse
951 2050 1088 2081 aurum
1118 2036 1226 2079 dare.

182 2130 315 2173 Tenes
345 2123 452 2168 iam‘?

905 2190 1153 2233 Callicles.

479 2271 787 2329 Prepemodum:
820 2273 938 2324 atque
968 2266 1145 2309 ausculto
1175 2264 1397 2319 perlubens.

839 2341 1213 2401 Megaronides.

186 2435 284 2477 Tum
315 2437 355 2475 tu
383 2430 499 2485 igitur
528 2426 684 2468 demum
712 2422 751 2465 id
781 2420 1022 2465 adulescenti
1050 2430 1187 2462 aurum
1215 2416 1340 2469 dabis,

184 2511 256 2553 Ubi
286 2510 359 2552 erit
387 2506 513 2550 locata
543 2503 656 2557 virgo
686 2501 724 2542 in
753 2497 1050 2541 matrimonium.

899 2571 1162 2616 Callicles.

73 2662 156 2707 780
186 2663 292 2708 Scite
321 2660 458 2705 hercle
487 2659 598 2703 sanc.

842 2724 1212 2782 Megaronides.

623 2810 720 2860 Hoc,
752 2808 815 2848 ubi
845 2804 1070 2847 thesaurum
1103 2798 1302 2849 effoderis,

189 2891 459 2947 Suspicionem
491 2888 537 2931 ab
569 2885 820 2930 adulescente
852 2879 1058 2924 amoveris.
