2117 3199
1051 186 1115 233 86

917 307 1251 362 Sycophanta

138 382 218 423 875
248 382 326 424 Fac
355 394 432 435 me,
463 384 496 424 si
526 384 618 435 scis,
649 383 872 434 certiorem,
902 382 1012 425 hisce
1041 383 1220 425 homines
1249 381 1314 423 tibi
1343 381 1530 436 habitent,
1558 385 1679 438 pater.

929 476 1237 519 Charmides.

251 552 352 601 Quid
383 565 454 594 eos
486 553 675 607 quaeris?
706 558 771 594 aut
801 554 887 607 quis
918 553 994 595 es?
1025 558 1090 595 aut
1117 552 1223 594 unde
1255 551 1332 594 es?
1362 552 1428 593 aut
1455 551 1562 594 unde
1591 553 1786 597 advenis?

923 647 1262 703 Sycophanta

246 723 364 765 Multa
392 724 508 764 simul
536 736 681 779 rogas:
713 724 850 766 nescio
882 724 974 779 quid
1005 723 1212 777 expediam
1239 722 1512 777 potissum1'1m.

248 800 289 843 Si
317 799 622 854 unumquidquid
651 801 868 856 singillatim
899 805 938 842 et
967 799 1120 854 placide
1148 799 1449 853 percontabere,

247 875 296 917 Et
324 888 454 918 meum
482 875 643 926 nomen,
675 881 715 918 et
744 889 838 918 mea
867 875 982 929 facta,
1014 880 1052 916 et
1080 875 1217 917 itinera
1247 876 1326 930 ego
1356 874 1451 916 faxo
1481 874 1598 916 sciaS.

934 970 1240 1012 Charmides.

136 1047 218 1087 880
247 1046 400 1087 Faciam
430 1047 481 1088 ita
510 1047 553 1088 ut
582 1047 654 1091 vis.
685 1047 854 1102 agedum
885 1047 1031 1088 nomen
1061 1052 1168 1088 tuum
1199 1045 1364 1099 primum
1397 1056 1572 1087 memora
1601 1044 1703 1086 mihi.

924 1141 1259 1195 Sycophanta.

248 1217 430 1272 Magnum
459 1216 610 1259 facinus
639 1217 832 1270 incipissis
863 1222 1012 1271 petere.

941 1293 1241 1336 Charmides.

1022 1369 1123 1418 Quid
1151 1368 1233 1410 ita‘?

933 1445 1262 1499 Sycophanta.

1246 1518 1358 1572 Quia,
1388 1518 1512 1573 pater,

248 1597 355 1639 Ante
384 1597 514 1638 lucem
545 1597 577 1639 si
607 1597 666 1638 ire
696 1597 866 1651 occipias
896 1609 919 1639 a
948 1610 1040 1639 meo
1068 1596 1194 1650 primo
1224 1595 1398 1648 nomine,

252 1673 492 1716 Concubium
523 1673 570 1714 sit
601 1674 743 1726 noctis,
774 1673 999 1726 priusquam
1028 1672 1268 1726 postremum
1298 1670 1541 1725 perveneris.

933 1747 1240 1789 Charmides.

249 1825 353 1867 Face
383 1826 498 1878 opust
528 1830 567 1866 et
596 1824 736 1866 viatico
767 1823 815 1865 ad
845 1829 952 1865 tuum
981 1835 1141 1875 nomen,
1171 1823 1213 1863 1'1t
1242 1827 1282 1864 tu
1311 1822 1531 1876 praedicas·

931 1898 1263 1952 Sycophanta.

139 1978 219 2018 885
250 1976 320 2018 Est
349 1976 606 2018 minusculum
636 1976 812 2028 alterum,
843 1975 954 2029 quasi
983 1974 1185 2017 vasculum
1213 1974 1417 2016 vinarium.

945 2050 1244 2092 Charmides.

251 2129 321 2170 Hic
351 2129 469 2170 homo
500 2127 625 2169 solide
657 2127 895 2180 sycophanta
927 2132 999 2168 est.
1031 2126 1124 2179 quid
1154 2126 1210 2169 ais
1240 2132 1294 2178 tu,
1325 2122 1594 2167 adulescens?

925 2201 1260 2255 Sycophanta

1593 2272 1693 2322 Quid
1722 2273 1814 2316 est?

945 2351 1242 2393 Charmides.

254 2432 464 2486 Eloquere,
492 2431 553 2473 isti
583 2430 648 2471 tibi
679 2429 770 2483 quid
799 2428 978 2470 homines
1009 2429 1167 2480 debent,
1197 2428 1299 2482 quos
1330 2433 1370 2469 tu
1400 2425 1625 2481 quaeritas?

931 2504 1262 2559 Sycophanta.

255 2586 369 2626 Pater
399 2583 508 2625 istius
539 2581 800 2624 adulescentis
831 2581 936 2623 dedit
965 2581 1036 2622 has
1067 2581 1164 2622 (luzis
1194 2580 1244 2621 mi
1276 2577 1458 2632 epistulas

253 2659 470 2703 Lesbonici.
502 2659 534 2700 is
564 2658 614 2699 mi
646 2664 707 2700 est
735 2658 893 2700 amicuS.

937 2732 1238 2774 Charmides.

923 2810 1059 2851 Teneo
1091 2809 1193 2849 hunc
1223 2805 1541 2848 manifestarium.

145 2888 226 2928 Sim
257 2887 319 2928 Me
353 2888 421 2928 sibi
454 2886 637 2940 epistulas
670 2886 828 2928 dcdissn·
860 2885 958 2927 ‹licit.
992 2885 1118 2926 ludam
1150 2885 1344 2926 hominem
1378 2881 1510 2934 probe.
