2117 3199
1043 152 1108 201 78

226 278 410 322 Censebit
440 279 575 321 aurum
607 288 700 320 esse
730 288 752 316 a
782 279 892 328 patre
923 273 1077 316 allatum
1105 273 1183 315 tibi.

225 356 286 399 Tu
315 355 367 398 de
394 354 583 398 thesauro
612 363 760 395 sumes.

940 424 1188 467 Callicles.

770 501 872 545 Satis
902 501 1000 543 scite
1029 505 1069 542 et
1097 499 1234 554 probe.

225 584 469 638 Quamquam
497 581 576 623 hoc
607 591 672 622 me
701 578 838 621 aetatis
868 576 1147 632 sycophantari
1175 574 1306 631 pudet.

111 662 192 704 785
223 660 305 706 Sed
333 657 520 714 epistulas
549 654 707 711 quando
737 653 966 709 obsignatas
996 652 1152 706 afferet,

223 735 423 792 Siquidem
452 733 679 788 obsignatas
708 729 878 773 attulerit
907 729 1107 784 epistulas,

220 814 364 857 Nonne
392 810 589 853 arbitraris
619 808 914 850 adulescentem
943 805 1073 848 annuli

220 888 378 932 Paterni
406 887 563 942 signum
590 885 784 928 novisse?

879 955 1255 1013 Megaronides.

792 1024 917 1078 Etiam
947 1039 987 1076 tu
1016 1032 1158 1076 taces?

222 1119 446 1163 Sexcentae
476 1116 526 1158 ad
556 1115 643 1156 eam
672 1125 757 1154 rem
788 1123 955 1154 caussae
983 1109 1152 1164 pessunt
1181 1106 1329 1162 colligi:

109 1197 192 1239 790
222 1195 344 1248 Illum,
375 1205 492 1249 quem
521 1190 666 1242 habuit,
697 1187 875 1242 perdidit,
905 1186 1021 1229 alium
1051 1185 1144 1240 post
1172 1184 1268 1227 fecit
1295 1182 1452 1226 novom.

220 1272 302 1314 Iam
331 1271 365 1313 si
395 1268 622 1323 obsignatas
651 1276 732 1306 non
761 1263 876 1317 feret,
907 1263 983 1306 diei
1012 1263 1091 1305 hoe
1119 1262 1263 1316 potest,

220 1347 339 1403 Apud
367 1344 597 1401 portitorem
628 1354 698 1384 eas
727 1342 950 1396 resignatas
981 1340 1055 1383 sihi

220 1425 505 1479 Inspectasque
536 1422 642 1463 esse.
672 1419 712 1460 in
741 1417 964 1460 huiusmodi
993 1414 1156 1470 negotio

219 1502 333 1544 Diem
363 1498 550 1542 sermene
580 1502 726 1547 terere,
758 1494 950 1549 segnities
980 1492 1139 1534 merast.

107 1580 189 1622 795
222 1578 407 1628 Quamvis
437 1573 647 1618 sermones
677 1576 844 1625 possunt
870 1569 980 1624 longi
1010 1568 1150 1610 texier.

220 1654 299 1697 Abi
328 1652 377 1694 ad
407 1651 633 1694 thesaurum
660 1647 736 1688 iam
767 1646 974 1689 confestim
1006 1644 1242 1687 clanculum:

220 1730 382 1782 Servos,
412 1727 570 1770 ancillas
600 1736 751 1766 amove.
782 1725 900 1776 atque
930 1721 1092 1763 audin’?

936 1796 1189 1839 Callicles.

1101 1870 1202 1921 Quid
1232 1870 1323 1913 est?

877 1947 1249 2005 Megaronides.

220 2035 397 2077 Uxorem
427 2031 588 2086 queque
619 2030 741 2083 ipsam
771 2029 874 2070 hanc
900 2039 986 2069 rem
1016 2026 1058 2066 ut
1088 2024 1211 2077 celes,
1240 2023 1340 2065 face.

219 2111 316 2153 Nam
344 2109 409 2164 pol
438 2108 572 2150 tacere
601 2117 811 2158 numquam
840 2102 1087 2157 quidquamst
1116 2100 1223 2155 quod
1252 2099 1381 2154 queat.

107 2191 189 2232 800
220 2188 321 2238 Quid
350 2199 455 2228 nunc
484 2183 596 2227 stas?
626 2182 718 2236 quin
749 2185 788 2221 tu
816 2179 907 2220 hinc
936 2183 976 2219 te
1005 2178 1181 2229 amoves,
1212 2181 1252 2217 et
1281 2181 1320 2217 te
1351 2173 1522 2216 moves?

219 2264 356 2319 Aperi,
387 2260 578 2316 depreme
608 2258 699 2300 inde
729 2256 812 2298 auri
842 2254 891 2296 ad
920 2254 1022 2295 hanc
1051 2265 1150 2304 rem,
1182 2251 1288 2306 quod
1318 2256 1378 2294 sat
1407 2251 1482 2303 est,

222 2341 415 2383 Continuo
446 2337 597 2391 operito
628 2333 780 2376 denuo:
813 2331 886 2373 sed
916 2329 1146 2380 clanculum,

220 2418 326 2462 Sicut
354 2413 556 2469 praecepi:
589 2415 752 2454 cunctos
783 2408 948 2451 exturba
978 2405 1154 2448 aedibus.

939 2481 1192 2524 Callicles.

217 2567 385 2611 Faciam.

874 2633 1244 2689 Megaronides.

409 2719 461 2759 At
491 2716 594 2758 enim
625 2713 737 2755 nimis
767 2712 830 2754 hic
860 2712 982 2765 longo
1014 2711 1199 2752 sermone
1228 2704 1381 2748 utimur.

106 2801 186 2842 805
219 2798 331 2838 Diem
361 2793 603 2844 conficimus,
635 2792 741 2844 quod
770 2791 845 2831 iam
875 2787 1087 2842 preperato
1117 2789 1177 2826 est
1207 2783 1320 2837 opus.

218 2872 316 2915 Nihil
346 2876 420 2923 est,
451 2870 501 2913 de
531 2870 646 2924 signo
677 2867 782 2921 quod
813 2865 999 2908 vereare:
1032 2874 1094 2904 me
1125 2860 1225 2903 vide.
