2117 3199
1123 164 1187 213 68

329 290 468 332 Pectus
499 289 745 331 obscurasse.
777 293 890 341 atque
920 288 1003 339 ipse
1033 287 1174 327 amoris
1204 285 1319 327 teneo
1349 288 1472 328 omnis
1502 288 1594 329 vias.

330 365 384 406 lta
415 370 476 407 est
505 364 625 417 amor,
656 363 789 404 balista
819 366 859 403 ut
887 362 1038 402 iacitur:
1071 360 1160 402 nihil
1191 361 1248 402 sic
1277 360 1408 402 celere
1436 367 1510 414 est,
1539 374 1668 416 neque
1697 362 1811 415 volat,

219 441 299 482 665
331 441 461 494 Atque
490 441 522 482 is
552 440 683 481 mares
712 438 907 479 hominum
938 436 1069 477 motos
1101 440 1140 477 et
1168 435 1349 478 morosos
1380 435 1507 478 efficit.

329 515 453 557 Minus
480 514 618 569 placet,
648 513 771 567 magis
800 512 905 566 quod
933 511 1135 553 suadetur:
1166 509 1272 564 quod
1300 510 1556 564 dissuadetur,
1584 512 1719 565 placet.

329 591 457 639 Quom
484 590 611 643 inopia
639 589 712 640 est,
744 587 893 641 cupias3
922 586 1076 641 quando
1107 587 1190 627 eius
1220 586 1331 639 copia
1360 587 1431 639 est,
1463 591 1541 628 tum
1569 599 1649 628 non
1678 588 1784 630 velis.

329 665 396 708 llle
425 666 489 719 qui
517 663 676 717 aspellit‚
707 663 739 704 is
770 662 977 715 compellit:
1008 661 1069 702 ille
1099 662 1162 715 qui
1192 660 1421 713 consuadet,
1450 662 1570 703 vetat.

330 741 509 782 Insanum
540 740 598 781 est
628 738 766 779 malum
797 737 946 778 devorti
975 738 1012 778 in
1042 736 1246 791 hospitium
1275 735 1323 776 ad
1354 736 1587 790 Cupidinem.

219 818 302 859 670
329 816 408 860 Sed
436 822 475 857 te
505 815 662 866 moneo,
693 813 769 855 hoc
798 813 911 854 etiam
942 818 1057 866 atquo
1087 813 1200 853 etiam
1229 817 1269 852 ut
1296 816 1468 864 reputes,
1499 811 1590 866 quid
1619 811 1752 854 facere
1781 812 1956 865 expetas.

333 893 372 934 Si
402 892 501 932 istuc
529 891 569 931 iit
601 890 733 931 conari
763 887 859 929 sacis
889 887 1081 939 indicium,
1113 892 1216 928 tuum
1245 886 1433 928 incendes
1463 888 1603 941 genas.

332 968 429 1008 Tum
457 966 572 1021 igitur
601 964 665 1006 tibi
693 976 818 1017 aquae
848 964 920 1004 erit
949 962 1100 1016 cupido,
1131 974 1259 1016 genus
1291 963 1355 1016 qui
1383 962 1602 1017 restinguas
1632 963 1750 1007 tuam.

333 1043 465 1096 Atque
494 1041 527 1083 si
556 1040 634 1082 eris
664 1043 813 1091 nactuS,
843 1038 1005 1092 proinde
1033 1043 1074 1079 ut
1104 1037 1225 1080 corde
1255 1039 1427 1078 amantes
1460 1042 1548 1078 sunt
1575 1037 1662 1089 cati,

331 1118 390 1159 Ne
420 1116 615 1159 scintillam
645 1114 798 1169 quidem
827 1113 1036 1167 relinques,
1065 1126 1191 1167 genus
1222 1113 1285 1166 qui
1316 1112 1529 1166 congliscat
1556 1112 1674 1153 tuam.

1000 1226 1323 1269 Lesbonicus.

222 1308 302 1349 675
332 1306 460 1348 Facile
489 1306 645 1347 inventu
674 1308 752 1346 est:
785 1303 894 1345 datur
924 1302 1037 1357 ignis,
1067 1303 1269 1344 tamenetsi
1299 1302 1345 1343 ab
1375 1300 1535 1342 inimicis
1563 1301 1685 1354 petas.

332 1383 409 1424 Sed
440 1388 478 1423 tu
508 1382 718 1434 obiurgans
747 1392 809 1420 me
840 1391 860 1419 a
891 1378 1058 1432 peccatis
1088 1378 1192 1431 rapis
1223 1377 1455 1419 deteriorem
1485 1377 1523 1417 in
1552 1376 1662 1417 viam.

330 1458 455 1499 Meam
486 1458 664 1500 sororem
694 1456 758 1496 tibi
786 1454 874 1494 dem
905 1453 1047 1494 suades
1077 1454 1161 1494 sine
1191 1452 1294 1494 dote.
1326 1452 1404 1493 hac
1432 1465 1510 1493 non
1540 1452 1732 1505 convenit,

332 1533 407 1586 Me,
438 1533 502 1587 qui
532 1533 675 1573 abusus
706 1544 791 1572 sum
820 1530 961 1570 tantam
990 1541 1074 1569 rem
1103 1529 1275 1582 patriam,
1305 1528 1424 1582 perro
1454 1529 1492 1568 in
1521 1526 1619 1568 ditiis

330 1609 445 1662 Esse,
475 1608 690 1663 agrumque
720 1606 886 1655 liabere;
918 1605 1040 1659 egere
1068 1604 1168 1644 illam
1198 1609 1340 1656 autem,
1370 1608 1411 1644 ut
1440 1603 1576 1644 merito
1605 1614 1668 1643 me
1697 1601 1835 1649 oden't.

222 1682 303 1726 680
331 1684 545 1737 Numquam
576 1684 647 1724 erit
675 1681 808 1723 alienis
838 1681 980 1734 gravis,
1012 1680 1074 1732 qui
1105 1679 1184 1720 suis
1215 1692 1260 1720 se
1291 1678 1495 1720 concinnat
1522 1677 1659 1719 levem.

333 1760 437 1802 Sicut
466 1758 558 1811 dixi,
587 1757 742 1800 faciam:
775 1756 864 1798 noto
895 1760 933 1794 te
966 1755 1095 1795 iactari
1125 1753 1277 1798 diutius,

1030 1866 1300 1921 Lysiteles.

335 1950 458 1990 Tanto
487 1947 638 1988 meliust
669 1951 707 1988 te
736 1945 886 1987 sororis
917 1955 1055 1986 caussa
1085 1944 1300 1998 egestatem
1331 1943 1508 1996 exsequi,

334 2026 463 2078 Atque
494 2036 581 2064 eum
613 2023 749 2075 agrum
780 2033 842 2062 me
873 2020 1031 2071 habere,
1063 2019 1176 2072 quam
1206 2023 1259 2069 te,
1288 2023 1350 2059 tua
1381 2018 1445 2072 qui
1474 2016 1622 2059 taleres
1651 2014 1834 2057 moenia?

999 2132 1325 2174 Lesbonicus,

332 2215 431 2256 Nolo
462 2225 539 2268 ego
570 2211 660 2252 mihi
687 2216 726 2252 te
756 2216 830 2252 tam
860 2209 1100 2263 prospicere,
1131 2207 1195 2261 qui
1224 2219 1350 2247 meam
1380 2207 1596 2260 egestatem
1624 2203 1743 2252 leves,

223 2293 302 2334 685
333 2291 410 2333 Sed
439 2295 480 2331 ut
510 2287 619 2342 inops
650 2285 799 2327 infamis
830 2286 879 2326 ne
910 2285 1002 2334 sim;
1033 2296 1083 2324 ne
1113 2283 1162 2323 mi
1192 2281 1291 2322 hanc
1320 2279 1459 2321 tamam
1488 2279 1678 2330 differant,

332 2367 394 2407 Me
423 2364 646 2418 germanam
676 2363 800 2402 meam
831 2360 1009 2402 sorerem
1038 2359 1076 2400 in
1107 2356 1399 2399 concubinatum
1428 2355 1492 2396 tibi

334 2442 398 2484 Sic
427 2442 510 2482 sine
541 2438 633 2478 dote
663 2436 874 2488 dedidisse,
905 2435 1029 2490 magis
1059 2446 1172 2487 quam
1199 2433 1237 2473 in
1267 2429 1558 2472 matrimonium.

334 2517 427 2566 Quis
457 2529 519 2556 me
549 2512 759 2567 imprObior
789 2511 1034 2565 perhibeatur
1065 2508 1190 2550 esse?
1220 2508 1318 2549 haec
1347 2503 1587 2560 famigeratio

335 2593 392 2633 Te
422 2591 616 2640 honestet,
647 2601 710 2628 me
740 2593 865 2628 autem
898 2585 1066 2638 collatet,
1098 2585 1130 2625 si
1161 2584 1244 2625 sine
1273 2581 1365 2623 dote
1394 2579 1573 2621 duxeris:

222 2670 302 2710 090
333 2668 416 2708 Tibi
445 2667 491 2708 sit
522 2665 819 2705 emolumentum
850 2661 1029 2711 lionoris3
1058 2659 1161 2711 mihi,
1192 2657 1295 2712 quod
1326 2655 1532 2706 obiectent,
1563 2655 1645 2696 siet.

1035 2771 1295 2826 Lysiteles.

333 2854 461 2903 Quid?
491 2859 527 2894 tc·
558 2853 781 2893 dictatorem
813 2850 953 2891 censes
984 2849 1083 2900 sore,
1115 2848 1145 2887 si
1177 2847 1244 2887 abs
1275 2851 1312 2886 te
1343 2845 1476 2897 agrum
1508 2841 1755 2896 acceperim?
