2117 3199
1099 170 1163 217 48

300 295 340 337 Si
369 293 407 336 id
436 304 626 349 nequeas,
657 294 792 337 stiltem
823 297 864 333 ut
893 289 1059 344 optumis
1089 290 1145 332 sis
1173 290 1401 344 proxumas.

301 370 412 413 Nunc
442 369 704 413 conditionem
734 369 847 419 hanc,
871 379 986 421 quam
1015 377 1094 420 ego
1124 365 1226 417 sero,
1257 366 1297 407 et
1325 377 1440 419 quarn
1469 365 1539 408 abs
1569 370 1608 408 te
1636 365 1741 420 peto,

189 446 269 488 435
300 447 405 489 Dare
433 450 549 500 atque
579 445 772 499 accipere,
802 442 1035 494 Lesbonice‚
1067 446 1105 483 te
1134 439 1238 483 volo.

301 523 346 563 Di
377 521 515 563 divites
545 526 646 573 s1mt‚
676 520 776 563 deos
805 519 947 560 decent
975 516 1196 571 opulentiae

300 597 349 639 Et
377 596 582 639 faetic'mes.
611 608 747 639 verum
777 595 852 636 nos
881 592 1103 635 humunculi

303 673 471 716 Salillum
500 672 651 723 animai,
681 682 796 724 quam
827 681 945 723 quom
975 667 1172 721 extemplo
1202 666 1413 719 amisi1m'1s‚

301 749 444 803 Aequo
474 747 674 789 mendicus
706 751 823 800 atque
851 744 914 786 ille
944 743 1273 798 opulentissumus

192 826 273 866 490
303 825 494 867 Censetur
523 824 645 866 censu
674 821 723 864 ad
751 819 1017 863 Acherontem
1047 819 1235 860 mortuos.

1010 913 1270 955 Stasimus.

304 995 456 1046 Mirum,
486 994 524 1034 ni
555 999 594 1034 tu
624 992 712 1034 illuc
742 997 871 1033 tecum
902 989 1050 1031 divitias
1080 988 1206 1038 fer-‹is;

302 1070 374 1112 Ubi
403 1068 578 1111 mortuos
610 1069 677 1121 sis,
707 1068 758 1109 ita
788 1065 855 1118 sis,
883 1065 927 1106 tit
954 1076 1101 1107 nomen
1133 1064 1245 1105 cluet.

1056 1158 1226 1200 Philto.

304 1245 415 1286 Nunc
443 1246 484 1282 ut
513 1241 614 1282 sci-‘is
645 1239 707 1281 hic
736 1237 928 1280 factiones
961 1240 1077 1289 atque
1107 1235 1204 1288 opes

301 1321 389 1362 Non
421 1331 527 1370 esse,
556 1317 686 1370 neque
716 1326 790 1357 nos
820 1319 922 1354 tuam
951 1309 1170 1365 neglegere
1199 1308 1374 1363 gratiam,

192 1396 272 1438 495
303 1397 395 1439 Sine
425 1393 518 1435 dote
547 1391 670 1446 posco
702 1396 804 1431 tuam
835 1388 1015 1430 sorbrem
1045 1384 1136 1426 filio.

302 1472 412 1520 Quae
442 1481 508 1510 res
538 1468 640 1510 bene
670 1465 808 1517 vortat,
839 1464 1003 1505 habeon‘
1034 1461 1217 1515 pinetam?
1246 1459 1336 1514 quid
1367 1458 1505 1501 taces?

1014 1558 1263 1601 Stasimus.

303 1641 379 1683 Pro
409 1639 446 1681 di
476 1636 724 1688 immortales,
755 1635 1017 1677 conditionem
1047 1630 1306 1688 quoiusmodi.

1051 1727 1223 1769 Philto.

302 1810 402 1859 Quin
432 1807 624 1850 sabuldre:
655 1806 693 1848 di
723 1806 826 1847 bene
854 1803 1027 1845 vortant:
1058 1801 1252 1856 spondeo.

1015 1878 1268 1921 Stasimus.

302 1959 427 2010 Eheu,
457 1959 521 2000 ubi
549 1958 645 1999 [isus
675 1957 726 1998 nil
756 1961 840 1998 erat
869 1956 986 2006 dieto,
1017 1952 1210 2008 spondeo,

197 2037 278 2078 500
306 2035 487 2078 Dicebat:
518 2033 622 2074 mine
651 2033 726 2085 hic,
756 2042 874 2085 quom
904 2042 1004 2084 opus
1035 2034 1108 2080 est,
1139 2027 1220 2069 non
1250 2026 1331 2080 quit
1359 2024 1503 2067 dicere.

978 2103 1306 2146 Lesbonicus.

304 2187 431 2235 Quom
461 2185 644 2226 affinitate
672 2188 803 2224 vostra
834 2195 896 2223 me
925 2179 1157 2222 airhitramini

307 2263 486 2315 Dignum,
517 2261 643 2302 haheo
673 2259 797 2310 vobis,
830 2257 963 2308 Philto,
994 2256 1172 2309 rmignam
1202 2254 1378 2306 gratitim,

305 2337 384 2380 Sed
415 2338 487 2378 etsi
519 2335 650 2377 hercle
680 2334 850 2389 graiviter
880 2331 1003 2374 cecidi
1034 2330 1186 2372 stt'nltitiu
1216 2330 1316 2379 meai,

308 2412 446 2464 Philto,
477 2417 539 2454 est
567 2412 664 2465 ager
693 2410 764 2452 sub
795 2409 892 2450 urbo
922 2407 984 2448 hie
1012 2406 1139 2457 nimis,
1171 2417 1259 2446 eum
1289 2403 1389 2444 dabo

196 2490 275 2532 505
306 2489 446 2530 Dotem
476 2486 624 2528 soroti:
657 2499 742 2527 nam
773 2485 806 2527 is
836 2484 886 2525 de
915 2482 1068 2524 stultitia
1098 2482 1183 2521 meti

305 2564 420 2607 Solus
450 2563 607 2617 superfit
637 2566 791 2615 praetor
821 2560 934 2602 vitam
963 2557 1145 2599 rolicutis.

1058 2631 1228 2672 Philto.

307 2715 488 2757 Profecto
519 2713 650 2755 dotem
681 2712 731 2754 nil
762 2712 904 2752 moror.

975 2783 1303 2826 Lesbonicus.

941 2861 1132 2901 Certumst
1161 2856 1268 2898 dure.
