2117 3199
1135 173 1194 219 72

326 300 408 343 Nisi
436 300 490 342 uti
518 299 710 341 sarcinam
740 295 1018 350 constringam,
1047 297 1088 334 et
1117 291 1295 345 clupeum
1324 290 1374 334 ad
1402 290 1564 335 dorsum
1592 289 1903 334 accommodem:

326 376 546 418 Fulmentas
575 374 728 416 iubeam
758 370 936 425 suppingi
965 369 1115 411 soccis:
1145 367 1225 408 non
1254 367 1338 409 sisti
1364 367 1506 419 potest.

215 453 298 494 720
327 451 453 493 Video
484 450 656 493 caculam
686 447 886 489 militarem
915 458 978 487 me
1007 443 1175 485 futurum
1204 441 1308 483 haud
1335 441 1511 496 longitis:

328 529 376 569 [t
405 527 569 581 aliquem
600 524 649 566 aid
677 535 816 578 regem
845 523 882 562 in
913 520 1087 574 saginam
1117 518 1236 560 herus
1267 529 1312 559 se
1342 516 1516 558 coniexit
1542 516 1668 568 metis,

330 603 458 645 Credo
489 601 538 643 ad
568 600 740 642 Sl'lmmos
770 597 980 639 bellatOres
1011 607 1141 637 acrem
1170 593 1379 648 fngitorem
1409 591 1517 642 sore5

329 679 379 721 Et
407 678 606 731 capturum
636 675 759 728 spolia
788 674 838 714 ibi
868 672 984 723 illum,
1015 671 1079 724 qui
1107 681 1197 710 mco
1228 668 1325 709 hero
1356 666 1550 709 advorsus
1579 666 1743 709 venerit.

330 755 511 810 Egomet,
541 764 657 806 quam
686 747 882 801 extemplo
913 759 1044 788 arcum
1073 746 1137 797 mi,
1169 746 1206 785 et
1235 744 1454 797 pharetram
1485 747 1525 784 et
1553 743 1713 798 sagittas
1743 739 1964 796 sumpsero,

220 833 299 874 725
331 829 531 872 Cassidem
560 828 600 869 in
629 830 756 879 caput,
785 823 961 865 dormibo
991 820 1141 875 placide
1170 820 1208 860 in
1237 817 1502 860 tabernaculo.

330 905 395 948 Ad
423 904 550 946 sorum
579 902 662 944 ibo:
693 899 832 942 nudius
863 899 999 940 sextus
1030 897 1122 950 quoi
1150 895 1332 937 talenttun
1362 892 1536 935 mutuom

334 980 447 1032 Dedi,
476 978 698 1033 reposcam,
728 981 770 1018 ut
798 975 975 1025 habeam,
1005 973 1158 1013 mecum
1189 969 1292 1024 quod
1323 968 1459 1021 feram,
1488 968 1678 1012 viaticiim.

1013 1156 1202 1213 Scena
1242 1155 1338 1211 111.

821 1288 1222 1334 megan-onmes.
1270 1285 1540 1322 canicies.

999 1430 1362 1487 Megaronides.

343 1513 391 1555 Ut
421 1512 509 1554 mihi
540 1524 625 1554 rem
654 1513 803 1564 narras,
834 1508 1023 1562 Callicles,
1053 1507 1158 1550 nullo
1187 1505 1306 1548 modo

343 1589 477 1631 Potest
505 1588 591 1630 fieri
620 1586 798 1641 prdrsus,
828 1586 920 1640 quin
949 1584 1022 1626 dos
1053 1584 1165 1625 detur
1193 1580 1344 1636 virgini.

1055 1657 1312 1700 Callicles.

236 1742 317 1782 730
346 1740 443 1782 Nam
473 1739 606 1781 hercle
636 1737 801 1779 honi-ste
830 1735 914 1777 fieri
944 1735 1069 1777 ferme
1097 1745 1178 1776 non
1205 1733 1348 1787 potest,

347 1816 397 1858 Ut
422 1828 508 1857 eam
538 1815 732 1868 perpetiar
761 1813 817 1854 im
845 1812 886 1853 in
914 1810 1196 1852 matrimonium

349 1893 440 1934 Sine
470 1891 575 1942 dote,
606 1901 723 1944 quom
754 1888 837 1928 eius
866 1899 950 1928 rem
980 1886 1104 1940 penes
1134 1897 1197 1925 me
1225 1883 1389 1924 habeam
1418 1879 1533 1923 domi.

1002 1958 1370 2015 Megaronides.

351 2044 487 2084 Parata
517 2040 591 2082 des
621 2039 775 2090 domist,
804 2038 876 2080 nisi
906 2038 1139 2091 exspectare
1168 2035 1240 2088 vis,

354 2119 402 2160 Ut
430 2130 517 2159 eam
547 2116 632 2158 sine
661 2114 755 2155 dote
784 2113 904 2155 frater
932 2112 1089 2166 miptum
1120 2111 1302 2153 collocet:

242 2197 324 2236 735
357 2195 450 2236 Post
479 2191 598 2234 adeas
628 2191 708 2232 nite
738 2189 965 2240 Philtonem,
996 2188 1034 2228 et
1063 2185 1193 2226 dotem
1223 2184 1317 2225 darc·

357 2270 415 2311 Te
445 2269 482 2310 ci
511 2267 638 2317 dicas;
669 2266 802 2307 saiccre
832 2263 869 2305 id
901 2263 984 2304 eius
1015 2263 1064 2304 ob
1095 2261 1295 2302 amicitiam
1324 2257 1455 2312 patris,

359 2345 505 2386 Verum
534 2343 611 2385 hoc
641 2354 719 2397 ego
749 2341 905 2391 vereor,
935 2351 985 2380 ne
1014 2338 1136 2379 istaec
1164 2333 1383 2391 pollicitatio

362 2420 420 2461 'I'e
450 2420 488 2460 in
517 2419 662 2459 crimen
692 2415 836 2470 populo
865 2419 983 2469 ponat
1012 2415 1128 2466 atquc
1157 2411 1360 2452 infami-lim.

362 2495 449 2537 Non
477 2499 628 2536 temere
657 2493 785 2533 dicant
813 2493 852 2533 to
880 2489 1090 2542 benignum
1120 2486 1257 2541 virgini
1267 2500 1276 2537 ;

253 2572 335 2612 7³0
364 2571 500 2612 Datam
530 2569 594 2609 tibi
624 2567 768 2618 dinem,
799 2567 835 2609 ei
864 2578 978 2619 quam
1008 2563 1137 2614 dare's,
1168 2563 1251 2602 cius
1281 2572 1303 2601 a
1332 2557 1458 2613 patre3

369 2645 429 2687 Ex
460 2658 506 2686 ea
537 2650 574 2685 tc
603 2643 779 2697 lairgtari5
809 2643 938 2695 ntique
967 2641 1031 2691 ita,
1061 2644 1103 2679 ut
1134 2638 1182 2679 sit
1210 2636 1310 2686 datii,

371 2721 571 2762 Columcm
603 2726 640 2760 te
671 2719 811 2760 sistere
843 2717 904 2768 illi,
935 2721 973 2757 ct
1003 2715 1165 2755 detraxe
1195 2710 1399 2753 autument.

370 2798 481 2838 Nunc
510 2797 543 2839 si
573 2794 739 2850 opperiri
769 2793 827 2834 vis
857 2792 1060 2833 adventum
1091 2786 1315 2835 Charmidis,

371 2872 644 2926 Perlongumst
672 2869 848 2918 dticenti3
879 2867 938 2908 hic
970 2867 1114 2907 inte-rea
1144 2858 1389 2904 abscesserit.
