2190 3189
1065 139 1097 185 8

903 258 1272 312 Megaronides.

254 333 352 376 Dum
382 333 537 388 quidem
566 334 699 376 hercle
729 335 855 376 tecum
885 337 1000 387 nupta
1029 333 1090 385 sit,
1120 346 1216 376 sane
1245 334 1369 377 velim.

959 426 1220 469 Callicles.

255 501 340 543 Vin’
371 504 680 545 commutemus?
711 508 813 545 tuam
844 515 921 557 ego
951 502 1103 556 ducam,
1134 508 1172 544 et
1202 508 1241 544 iu
1270 503 1428 545 meam?

171 575 225 617 60
254 578 362 619 Faxo
391 577 493 620 haud
524 578 705 621 tantillum
736 577 891 622 dederis
921 579 1128 620 verborum
1157 578 1260 619 mihi.

898 672 1273 728 Megaronides.

257 746 432 801 Namque
462 747 565 789 enim
594 753 648 801 tu,
678 747 814 800 credo,
844 749 895 790 mi
924 747 1153 802 imprudenti
1183 747 1419 802 obrepseris.

961 841 1216 885 Callicles.

257 914 340 958 Nae
369 920 409 958 tu
437 915 572 958 hercle
601 916 694 960 saxo
724 923 816 960 tunc
844 919 961 970 scias,
991 930 1107 972 quam
1136 929 1221 959 rem
1250 917 1394 972 egeris.

904 1011 1271 1066 Megaronides,

257 1084 427 1138 Habeas,
456 1089 498 1128 ut
527 1086 695 1129 mictu's:
726 1092 818 1130 nota
847 1088 945 1129 mala
974 1099 1041 1129 res
1072 1087 1275 1141 optumast.

257 1160 354 1202 Nam
383 1173 462 1216 ego
489 1173 593 1203 nunc
621 1162 655 1204 si
683 1162 855 1216 ignotam
885 1163 1046 1215 capiam,
1074 1161 1165 1216 quid
1195 1174 1322 1217 agam,
1352 1163 1534 1205 nesciam.

964 1237 1215 1279 Callicles.

176 1312 228 1351 (55
259 1310 422 1364 Edepol,
451 1311 615 1364 proinde
644 1313 684 1353 ut
713 1311 778 1354 diu
806 1311 957 1365 vivitur,
986 1313 1091 1354 bene
1117 1313 1267 1354 vivitur.

909 1387 1274 1443 Megaronides.

258 1461 338 1504 Sed
367 1461 445 1504 hoc
472 1463 640 1504 animum
670 1463 847 1516 adverte,
876 1468 994 1518 atque
1022 1463 1134 1506 aulcr
1161 1462 1396 1506 ridicularia:

260 1536 356 1578 Nam
387 1550 465 1590 ego
495 1538 622 1580 dedita
652 1538 772 1592 Opera
802 1539 877 1581 huc
906 1539 955 1581 ad
985 1544 1024 1581 te
1053 1538 1231 1581 advenio.

977 1614 1219 1657 Callicles.

1221 1689 1321 1739 Quid
1351 1689 1492 1732 venis?

911 1763 1278 1819 Megaronides.

261 1837 369 1880 Malis
400 1843 438 1880 te
467 1843 508 1879 ut
537 1839 664 1880 verbis
695 1839 821 1881 multis
851 1839 1008 1882 multum
1038 1840 1282 1894 obiurgitem.

966 1915 1221 1957 Callicles.

265 1989 398 2031 Men’?

913 2066 1278 2119 Megaronides.

400 2140 498 2183 Num
528 2142 614 2196 quis
645 2145 705 2186 est
734 2143 796 2185 hie
826 2143 922 2185 alius
951 2142 1106 2195 praeter
1135 2154 1199 2182 me
1229 2145 1344 2194 alque
1372 2142 1441 2181 le?

973 2216 1223 2258 Callicles.

180 2290 235 2330 70
265 2290 388 2334 Nemo
418 2300 492 2340 est.

915 2366 1290 2422 Megaronides.

499 2446 598 2494 Quid
627 2445 742 2500 igitur
770 2445 931 2498 rogitas,
962 2445 1053 2484 tene
1082 2443 1325 2496 obiurgitem,

269 2518 349 2560 Nisi
379 2524 459 2562 tute
488 2519 578 2562 mihi
607 2534 670 2562 me
699 2532 842 2563 censes
871 2520 1059 2561 dicturum
1090 2518 1203 2562 male.

268 2593 363 2635 Num
394 2595 426 2637 si
459 2596 494 2636 in
527 2601 564 2637 le
594 2597 796 2650 aegrolunt
826 2600 930 2637 artes
960 2595 1138 2647 antiquae
1170 2593 1271 2644 luite,

268 2670 359 2713 Sive
387 2671 587 2713 immutare
615 2672 673 2713 vis
703 2671 897 2724 ingenium
928 2670 1112 2720 moribus,

271 2744 351 2787 Aut
379 2746 410 2787 si
440 2747 635 2788 demutant
664 2759 795 2788 mores
824 2747 1022 2798 ingenium
1053 2746 1170 2796 iuiim,

190 2823 241 2862 75
273 2821 408 2874 Neque
439 2836 510 2866 eos
540 2823 715 2877 antiquos
747 2835 897 2875 servas,
928 2824 985 2865 us!
1016 2826 1147 2875 captas
1178 2820 1313 2871 novos,
