2117 3199
941 158 1004 206 74

850 279 1105 322 Callicles.

22 366 101 405 745
131 362 280 406 Eadem
310 362 439 406 omnia
467 361 592 404 istaec
619 358 780 401 veniunt
807 356 847 398 in
875 361 1049 399 mentem
1077 354 1180 396 mihi.

801 430 1165 488 Megaronides.

132 516 246 569 Vide,
276 516 310 559 si
339 515 417 557 hoc
444 511 575 556 utibile
604 510 731 566 magiS
760 515 879 564 atque
908 510 947 551 in
975 521 1062 551 rem
1092 506 1270 562 deputas,

131 594 181 636 Ut
209 592 348 635 adeam
376 588 653 641 Lesbonicum,
684 585 891 638 edoceam,
921 589 963 626 ut
990 595 1059 627 res
1090 595 1136 627 se
1164 583 1292 626 hahet.

849 660 1104 703 Callicles.

130 745 179 787 Ut
207 757 287 800 ego
317 756 422 786 nunc
451 740 694 785 adulescenti
723 739 951 781 thesaurum
980 735 1149 779 indicem

131 821 337 874 Indomito,
366 819 484 874 ple'no
515 818 660 861 amoris
690 818 739 858 ac
767 814 984 858 lasciviae?

19 899 104 942 750
131 899 303 940 Minume
329 897 502 938 minume
530 893 665 936 hercle
693 904 814 943 vero3
845 891 935 932 nam
966 895 1076 932 certo
1108 889 1193 932 scio

131 975 281 1017 Locum
310 985 470 1028 quoque
499 971 604 1013 illum
627 982 798 1022 omnem,
828 968 894 1010 ubi
924 967 1050 1019 sinist,
1078 964 1308 1018 comederit,

134 1052 261 1102 Quem
290 1049 433 1092 fodere
461 1049 607 1100 me'tuo,
639 1046 809 1090 sonitum
837 1057 889 1086 ne
919 1044 982 1085 ille
1012 1042 1210 1096 exaudiat,

133 1128 194 1170 Ne
223 1128 346 1182 ipsam
376 1137 463 1168 rem
492 1124 667 1178 indaget,
697 1121 830 1164 dotem
861 1120 957 1162 dare
987 1120 1020 1162 si
1049 1118 1228 1161 dixerim.

796 1193 1170 1252 Megaronides.

134 1280 222 1330 Quo
252 1283 368 1333 pacto
398 1289 499 1333 ergo
528 1275 680 1331 igitur?

857 1347 1112 1393 Callicles

708 1426 815 1469 Clam
845 1425 920 1468 dos
950 1423 1127 1478 depromi
1155 1422 1299 1477 potest,

21 1510 103 1553 755
134 1510 236 1552 Dum
266 1505 427 1550 occasio
458 1504 495 1546 ei
522 1506 582 1547 rei
609 1503 848 1558 reperiatur:
879 1501 1035 1543 interim

134 1586 197 1628 Ab
227 1585 352 1627 amico
382 1584 434 1624 mi
463 1581 591 1633 aliquo
621 1578 800 1623 alicunde
829 1579 1038 1633 argentum
1065 1576 1220 1631 rogem.

795 1652 1169 1709 Megaronides,

133 1739 258 1781 Potin’
290 1740 352 1779 est
382 1735 429 1777 ab
459 1734 586 1776 amico
616 1730 795 1774 alicunde
825 1728 1017 1772 excrari‘?

851 1804 1105 1848 Callicles.

1053 1880 1201 1922 Potest.

793 1956 1169 2013 Megaronides.

138 2043 306 2087 Gerrae:
337 2054 413 2083 nae
444 2045 484 2082 tu
513 2038 604 2081 illud
631 2037 796 2079 verbum
826 2036 998 2077 actutum
1026 2032 1241 2086 inveneris,

135 2120 226 2163 Mihi
255 2118 413 2175 quidem
441 2114 577 2157 hercle
605 2126 687 2156 non
716 2117 791 2166 est,
821 2111 929 2166 qued
960 2110 1052 2153 dem
1082 2109 1269 2152 mutuom·

855 2187 1115 2229 Callicles.

23 2275 108 2317 760
136 2272 266 2315 Malim
295 2270 430 2314 hercle
459 2273 502 2311 ut
529 2268 667 2311 verum
696 2265 819 2318 dicas,
850 2276 967 2319 quam
995 2263 1039 2304 ut
1067 2261 1140 2304 des
1169 2261 1357 2304 mutuom.

804 2338 1173 2396 Megaronides.

138 2426 220 2470 Sed
248 2423 338 2466 vide
369 2422 586 2475 consilium,
616 2419 650 2463 si
679 2418 817 2474 placet.

868 2491 1115 2534 Callicles.

877 2568 982 2619 Quid
1012 2566 1218 2610 consilisl?

804 2643 1170 2702 Megaronides.

140 2731 285 2775 Scitum
295 2744 305 2782 3
336 2733 377 2772 ul
406 2741 485 2783 ego
517 2725 668 2781 opinor,
701 2724 903 2768 consilium
933 2721 1074 2764 inveni.

862 2798 1116 2842 Callicles.

1103 2872 1203 2922 Quid
1235 2873 1294 2915 est
1304 2872 1326 2911 ‘?
