2117 3199
999 167 1064 215 84

866 273 1192 343 Sycophanta.

79 370 162 411 850
191 369 270 421 Ille,
302 369 368 423 qui
397 367 460 408 me
491 364 689 417 conduxit,
720 364 783 405 tibi
816 363 1015 416 conduxit,
1046 363 1205 405 abduxit
1234 363 1411 405 domum:

191 446 301 494 Quae
331 444 462 496 voluit,
494 442 583 483 mihi
613 441 725 482 dixit:
757 439 888 482 docuit
918 446 957 482 et
985 439 1312 494 praemonstravit
1341 440 1459 493 priliS,

191 520 400 570 Quomodo
431 518 602 574 quidque
631 529 808 573 agerem,
838 529 942 558 nunc
972 516 1088 569 adeo,
1112 517 1152 570 vsi
1182 515 1274 569 quid
1305 528 1384 570 ego
1413 516 1601 559 addidero
1632 519 1806 571 amplius,

192 597 251 637 Eo
282 596 498 639 conductor
527 594 664 636 melius
695 593 746 635 de
774 606 838 634 me
867 605 994 648 nugas
1025 591 1304 634 conciliaverit.

193 673 242 714 Ut
271 673 332 714 ille
362 685 425 713 me
457 672 673 723 exornavit,
703 670 755 711 ita
784 681 870 711 sum
901 674 1075 710 ornatus.
1105 669 1312 723 argentum
1341 667 1418 710 hoc
1449 667 1549 709 facit.

80 752 161 792 855
192 749 280 804 Ipse
310 749 538 791 ornamenta
568 760 590 788 a
621 746 796 801 chorago
826 745 927 786 haec
956 745 1118 798 sumpsit
1148 744 1220 786 suo
1248 743 1444 797 periculo;

192 827 303 868 Nunc
333 837 411 880 ego
443 824 476 865 si
504 828 644 878 potero
675 822 913 864 ornamentis
943 820 1142 862 hominem
1171 820 1481 874 circumducere,

194 903 304 944 Dabo
335 913 514 955 operam:
545 900 586 941 iit
615 911 678 940 me
709 910 802 940 esse
830 898 956 951 ipsum
985 896 1101 950 plane
1129 896 1410 951 sycophantam
1441 897 1591 939 sentiat.

887 971 1186 1016 Charmides.

194 1054 321 1103 Quam
352 1053 479 1107 magis
510 1052 660 1106 specto,
691 1050 818 1092 minus
846 1049 973 1103 placet
1002 1049 1054 1089 mi
1082 1047 1183 1090 haec
1212 1048 1378 1090 hominis
1407 1047 1531 1091 facies
1541 1062 1552 1100 ;
1576 1048 1673 1090 mira
1701 1049 1802 1101 sunt,

195 1130 242 1171 Ni
271 1130 345 1171 illic
373 1129 492 1171 homo
524 1129 584 1170 est
613 1131 678 1169 aut
706 1126 947 1178 dormitator,
978 1130 1042 1167 aut
1071 1125 1206 1166 sector
1233 1125 1430 1166 zonariuS.

85 1207 166 1248 860
196 1206 302 1247 Loca
333 1204 579 1259 contemplat,
611 1203 907 1256 circumspectat
937 1214 1030 1243 sese
1059 1206 1177 1255 atque
1207 1201 1315 1242 aedis
1346 1201 1523 1243 noscitat.

198 1281 340 1333 Credo,
372 1281 528 1335 edepol,
559 1292 638 1334 quo
667 1292 762 1321 mox
791 1278 959 1320 furatum
986 1277 1130 1330 veniat,
1162 1276 1383 1330 speculatur
1410 1277 1511 1319 loca.

197 1358 322 1412 Magis
352 1357 520 1399 lubidost
550 1356 778 1407 observare,
810 1353 901 1408 quid
932 1359 1042 1408 agat:
1073 1353 1110 1394 ei
1138 1353 1198 1394 rei
1227 1366 1388 1407 operam
1418 1353 1533 1395 daho,

873 1429 1204 1484 Sycophanta.

199 1510 278 1551 Has
309 1509 498 1564 regibnes
529 1509 809 1551 demonstravit
838 1507 929 1548 mihi
958 1506 1022 1547 ille
1053 1504 1271 1547 conductor
1299 1506 1435 1547 metis:

200 1586 317 1640 Apud
347 1586 428 1627 illas
460 1586 568 1628 aedis
600 1586 798 1628 sistendae
829 1583 920 1624 mihi
951 1586 1041 1625 sunt
1070 1581 1363 1636 sycophantiae.

89 1663 169 1706 865
200 1663 312 1705 Foris
342 1661 509 1716 pultabo.

886 1733 1194 1777 Charmides,

505 1813 569 1854 Ad
597 1817 754 1854 nostras
784 1810 891 1852 aedis
921 1810 985 1852 hic
1015 1809 1171 1863 quidem
1200 1807 1316 1849 habet
1346 1814 1493 1851 rectam
1523 1811 1637 1854 viam.

203 1891 358 1941 Hercle,
390 1890 541 1945 opinor,
573 1890 623 1929 mi
653 1888 873 1930 advenienti
902 1887 977 1928 hac
1004 1890 1125 1927 noctu
1153 1884 1414 1940 agitandumst
1444 1886 1604 1941 vigilias.

882 1962 1209 2017 Sycophanta.

207 2042 370 2096 Aperite
401 2041 491 2094 hoc,
523 2042 684 2095 aperite,
714 2039 827 2092 heus,
860 2039 995 2092 ecquis
1024 2038 1088 2079 hic
1115 2037 1268 2080 foribus
1298 2037 1455 2079 ttitelam
1485 2037 1620 2093 gerit?

889 2114 1196 2159 Charmides,

211 2193 324 2246 Quid,
356 2192 606 2245 adulescens,
637 2192 827 2245 quaeris?
859 2191 949 2245 quid
970 2190 1061 2232 vis‘?
1091 2189 1183 2244 quid
1212 2190 1306 2232 istas
1337 2189 1492 2242 pultas‘?

883 2265 1215 2321 Sycophanta

1502 2339 1609 2382 Heus
1634 2340 1774 2392 senex,

216 2422 368 2463 Census
399 2422 498 2472 siim,
529 2433 647 2473 quom
678 2419 839 2461 iuratori
868 2423 980 2460 recte
1009 2418 1200 2459 rationem
1230 2415 1331 2457 dedi.

104 2500 186 2541 570
215 2497 474 2540 Lesbonicum
505 2496 567 2538 hic
597 2495 889 2537 adulescentem
919 2506 1082 2548 quaero,
1113 2494 1152 2534 in
1181 2492 1241 2534 his
1270 2492 1498 2545 regionibus

216 2575 289 2616 Ubi
319 2574 473 2624 habitet,
505 2577 543 2613 et
573 2573 662 2613 item
694 2572 855 2613 alterum
887 2570 934 2611 ad
964 2570 1088 2611 istanc
1118 2569 1251 2623 capitis
1281 2567 1539 2618 ailbitudinem,

218 2650 409 2691 Calliclem
440 2661 556 2702 quem
587 2647 687 2688 aibat
715 2647 860 2699 vocari,
891 2646 955 2700 qui
985 2645 1055 2686 has
1085 2645 1175 2686 mihi
1204 2644 1307 2686 dedit
1339 2643 1535 2697 epistulas.

909 2721 1207 2763 Charmides

221 2801 350 2843 Meum
379 2806 538 2856 gnatum
570 2800 632 2841 hic
662 2800 817 2854 quidem
846 2799 1107 2841 Lesbonicum
1138 2797 1286 2851 quaerit
1319 2797 1356 2837 et
1386 2796 1549 2837 amicum
1578 2794 1721 2843 merim,

225 2879 324 2926 Quoi
355 2890 433 2930 ego
463 2877 688 2929 liberosque
718 2875 898 2929 bonaque
930 2874 1212 2925 commendati,
1245 2872 1450 2915 Calliclem.
