2117 3199
1100 169 1165 216 88

961 288 1289 342 Sycophanta.

298 365 353 408 Ita
382 371 423 408 ut
452 366 600 420 occepi,
632 368 663 408 si
693 366 858 407 animum
889 365 1085 415 advortas,
1115 363 1255 404 dicam.

977 459 1038 499 Ch
1050 470 1100 498 ar
1110 457 1235 498 mide
1245 469 1277 498 s.

1265 530 1375 572 Dabo
1405 542 1564 585 operam
1594 534 1668 575 tibi.

965 626 1291 682 Sycophanta.

299 704 406 746 Hanc
435 718 497 745 me
524 704 635 746 iussit
662 704 883 745 Lesbonico
913 703 1006 744 dare
1037 715 1110 744 suo
1140 701 1259 756 gnato
1290 700 1503 754 epistulam,

300 779 346 821 Et
375 780 464 821 item
494 779 594 821 hanc
621 779 777 821 alteram
809 791 881 820 suo
911 779 1036 819 amico
1067 776 1207 819 Callicli
1237 775 1348 817 iussit
1376 775 1481 817 dare.

977 869 1276 913 Charmides.

302 948 391 990 Mihi
421 961 577 1003 quoque
608 948 760 1002 edepol,
791 961 908 1002 quum
940 948 1001 989 hic
1031 947 1210 1001 nugatur,
1241 950 1376 987 contra
1405 945 1542 1001 nugari
1571 945 1688 989 lubet.

191 1022 270 1065 895
302 1024 371 1066 Ubi
402 1025 484 1078 ipse
515 1024 628 1066 erat?

965 1098 1301 1154 Sycophanta.

660 1175 767 1216 Bene
797 1187 878 1215 rein
910 1174 1082 1228 gerebat.

987 1268 1081 1310 Cha
1089 1281 1108 1309 ι·
1118 1269 1173 1308 mi
1183 1268 1207 1308 d
1218 1280 1240 1308 c
1250 1281 1280 1308 s.

1108 1342 1215 1397 Ergo
1246 1341 1308 1383 ubi
1319 1342 1340 1380 ‘e

969 1423 993 1461 S
1004 1433 1028 1473 y
1040 1434 1061 1460 c
1073 1433 1096 1461 o
1110 1431 1133 1472 p
1143 1419 1168 1459 h
1178 1431 1198 1459 a
1211 1423 1257 1459 nt
1269 1429 1301 1458 a.

1359 1491 1399 1534 ln
1428 1490 1618 1534 Seleucia.

988 1570 1017 1609 C
1027 1569 1050 1609 h
1060 1582 1081 1609 a
1091 1582 1110 1608 r
1122 1568 1210 1609 mid
1221 1581 1244 1609 e
1252 1582 1284 1608 s.

304 1644 366 1686 Ab
397 1645 520 1699 ipson’
549 1645 641 1687 istas
674 1644 855 1699 accepisti
866 1646 886 1685 ἱ)

967 1722 992 1762 S
1004 1734 1027 1773 y
1039 1733 1060 1761 c
1071 1733 1094 1762 ο
1107 1733 1130 1774 p
1141 1720 1166 1760 h
1178 1734 1200 1760 a
1210 1732 1236 1760 n
1247 1725 1259 1760 t
1269 1732 1303 1759 a.

890 1794 921 1835 E
952 1794 1130 1835 manibus
1160 1794 1265 1835 dedit
1293 1794 1377 1846 ipse
1406 1793 1444 1834 in
1472 1792 1620 1834 maniis.

988 1868 1049 1909 Ch
1060 1881 1082 1909 a
1092 1881 1112 1909 r
1119 1868 1212 1910 mid
1221 1882 1245 1911 e
1254 1882 1286 1911 s.

304 1946 388 1995 Qua
417 1945 516 1987 facie
546 1947 604 1988 est
633 1945 750 1988 homo
760 1946 782 1986 ⁴?

968 2021 993 2061 S
1005 2020 1291 2073 ycophanta.

793 2095 1035 2149 Sesquipede
1066 2096 1245 2149 equidem
1271 2100 1333 2137 est
1361 2095 1423 2137 ille
1453 2094 1566 2149 quam
1595 2097 1637 2135 tu
1663 2089 1833 2147 longior.

978 2170 1007 2211 C
1017 2170 1041 2212 h
1052 2183 1100 2211 ar
1111 2184 1146 2211 m
1158 2172 1168 2211 i
1180 2171 1203 2211 d
1215 2186 1238 2212 c
1249 2184 1279 2213 s.

309 2247 452 2290 Haeret
480 2248 577 2290 haec
605 2259 691 2288 res:
724 2245 911 2300 siquidem
942 2258 1020 2298 ogo
1051 2246 1194 2286 absens
1225 2258 1323 2297 suin,
1355 2259 1468 2299 quam
1500 2245 1700 2299 praesens,
1730 2242 1898 2298 longior.

305 2323 477 2365 Novistin
506 2323 728 2367 hominem?

976 2396 1303 2450 Sycophanta.

747 2472 856 2525 Hem,
886 2471 1046 2513 ridicule
1075 2472 1236 2525 rogitas,
1267 2471 1435 2526 quacum
1466 2483 1541 2513 una
1572 2469 1697 2511 cibum

199 2549 281 2592 900
311 2548 459 2604 Caperc
489 2548 610 2591 salec.

990 2622 1285 2664 Charmides.

600 2697 699 2747 Quid
729 2703 789 2740 cst
819 2699 853 2740 ci
884 2697 1025 2740 noincn
1035 2699 1056 2736 ¹?

973 2775 1033 2827 Sy
1050 2773 1306 2826 copliuntu.

1072 2848 1183 2897 Quod
1215 2847 1352 2901 edepol
1385 2847 1524 2889 homini
1555 2846 1690 2900 probo.
