2117 3199
954 303 1246 344 Charmides.

811 380 1010 420 Cmeizitur
1040 390 1109 420 cor
1137 379 1187 418 mi
1218 383 1255 419 et
1285 379 1426 419 metuo.

973 453 1223 495 Callicles.

1486 526 1675 575 Quidnam
1704 527 1742 568 id
1773 528 1864 570 est?

956 604 1256 646 Charmides.

295 684 422 733 Quom
450 682 513 725 ille
540 682 591 723 ita
620 682 693 735 est,
721 687 761 722 ut
790 693 883 723 esse
912 679 1017 732 nolo,
1048 679 1085 721 id
1116 680 1287 721 crucior:
1318 679 1462 731 metuo,
1492 679 1525 720 si
1554 678 1618 719 tibi

296 759 513 814 Denegeim,
544 756 650 812 quod
679 770 742 798 me
771 769 875 809 oras,
906 757 957 797 ne
986 768 1050 797 me
1079 755 1266 796 lew’orem
1297 754 1392 808 erga
1422 759 1461 795 te
1489 754 1614 807 putes.

294 835 381 877 Non
410 834 617 890 gravzibor.
648 833 785 875 faciam
814 833 878 884 ita,
907 832 950 872 tit
977 831 1048 872 vis.

977 906 1228 948 Callicles.

1078 981 1229 1023 Probus
1255 993 1310 1023 es.
1342 981 1404 1032 eo,
1433 984 1475 1021 ut
1501 978 1603 1020 illum
1633 978 1808 1020 evocem.

960 1056 1259 1098 Charmides.

298 1136 532 1187 Miserumst,
562 1135 661 1176 maile
692 1134 913 1188 promerita,
946 1138 986 1175 ut
1015 1134 1149 1174 merita
1181 1137 1281 1184 sunt,
1312 1132 1344 1173 si
1373 1130 1507 1172 ulcisci
1536 1141 1615 1172 non
1643 1128 1742 1170 licet.

989 1208 1232 1250 Callicles.

163 1290 269 1330 1170
299 1288 460 1342 Aperite
490 1287 579 1339 hoc,
610 1287 758 1340 aperIte
787 1286 969 1339 propere,
1001 1290 1041 1325 et
1070 1282 1344 1334 Lesbonicum,
1373 1283 1408 1323 si
1435 1281 1590 1333 domist,

297 1363 489 1406 Evocate:
523 1365 572 1404 ita
603 1363 818 1413 subitumst,
849 1360 1020 1414 propere
1049 1359 1154 1414 quod
1184 1371 1273 1400 eum
1304 1357 1539 1399 conventum
1568 1356 1670 1397 volo.

946 1435 1268 1477 Lesbonicus.

300 1516 394 1564 Qu1s
425 1514 542 1555 homo
572 1515 647 1554 nim
678 1512 912 1554 tumultuoso
942 1512 1069 1553 sonitu
1098 1523 1162 1551 me
1192 1509 1333 1551 excivit
1361 1507 1497 1550 sor-As?

983 1585 1186 1628 Callicle
1197 1597 1229 1627 s.

301 1665 546 1707 Benevolens
576 1670 662 1706 tuus
693 1669 808 1717 atque
839 1664 1010 1704 amicust.

943 1737 1273 1778 Lesbonicus.

1043 1811 1175 1853 Satine
1205 1808 1344 1851 szilve?
1374 1808 1436 1849 dic
1464 1807 1564 1848 mihi.

975 1885 1226 1928 Callicles.

302 1970 435 2011 Recte.
467 1968 570 2009 tunm
601 1970 748 2019 patrem
777 1964 930 2006 redisse
960 1962 1108 2004 salvom
1137 1962 1307 2015 peregre
1336 1959 1505 2015 gaudeo.

946 2037 1268 2080 Lesbonicus.

167 2122 268 2163 1175
300 2121 394 2170 Quis
426 2119 460 2160 id
493 2118 572 2160 ait?

983 2188 1233 2229 Callicles.

635 2267 732 2321 Ego.

951 2339 1273 2380 Lesbonicus.

791 2416 887 2457 Tun'
917 2415 1072 2456 vidisti?

984 2489 1238 2531 Callicles.

1124 2565 1171 2605 Et
1201 2569 1279 2605 tute
1310 2564 1408 2605 idem
1439 2562 1571 2605 videas
1601 2563 1699 2604 licet.

949 2641 1271 2683 Lesbonicus.

304 2723 338 2763 0
367 2724 489 2776 pater,
520 2727 629 2777 pater
659 2722 722 2772 mi,
752 2720 867 2761 solve.

964 2790 1265 2833 Charmides.

905 2869 1019 2911 Salve
1049 2867 1219 2919 multum,
1248 2871 1366 2921 gnate
1396 2865 1457 2905 mi.
