2117 3199
1140 184 1203 231 34

351 307 447 350 Nam
476 306 633 362 sapiens
660 305 817 361 quidem
846 304 910 359 pol
939 305 1022 358 ipse
1052 305 1160 359 lingit
1189 304 1382 345 foi-tunam
1409 304 1492 347 sihi.

243 384 326 426 5360
355 382 413 425 Eo
443 382 625 435 nemiilta,
655 393 757 435 quae
786 380 932 433 nevolt,
962 380 1157 431 eveniunt,
1187 378 1261 421 nisi
1290 378 1401 421 fictor
1429 379 1579 423 maiust.

1053 473 1084 515 L
1129 473 1318 516 siteles.

355 552 469 594 Multa
497 556 559 594 est
587 550 708 604 opera
737 561 837 603 opus
864 549 1038 602 (ionitae,
1068 487 1133 604 qgi
1161 561 1207 591 se
1235 548 1415 590 fictorem
1442 547 1605 602 probt'im

354 629 463 669 Vitae
492 626 672 682 agiindae
703 638 796 668 esse
826 626 991 679 expetit:
1022 624 1094 667 sed
1124 624 1188 666 hic
1216 623 1423 665 admodum
1453 623 1790 666 adulescentulam.

1095 717 1273 762 Philto.

355 797 441 839 Non
471 797 610 849 aefflte,
638 807 774 838 verum
802 794 959 848 ingenio
989 794 1170 847 apiscitiir
1198 792 1395 848 sapientiai.

354 873 522 927 Sapienti
550 873 657 915 aetas
688 870 1028 914 condimentumst:
1058 869 1214 923 sapiens
1244 868 1358 910 aetati
1389 867 1524 909 cibiist.

246 949 326 991 365
358 948 556 1004 Agedum,
587 947 789 1002 elequere.
817 945 909 1001 quid
937 945 1032 987 dare
1060 944 1110 986 illi
1139 957 1242 986 nunc
1271 943 1361 986 vis?

1053 1038 1325 1094 Lysiteles.

1379 1114 1475 1155 Nihil
1505 1112 1723 1168 quidquam,
1752 1113 1871 1166 pater.

357 1195 415 1236 Tu
445 1193 562 1236 modo
592 1194 642 1234 ne
671 1205 734 1234 me
763 1192 969 1247 prohibeas
999 1192 1192 1245 accipere,
1222 1190 1254 1232 si
1285 1190 1375 1244 quid
1404 1191 1470 1232 det
1498 1190 1600 1231 mihi.

1099 1285 1274 1327 Philto.

359 1364 422 1405 An
451 1377 501 1405 eo
531 1365 746 1418 egestatem
776 1364 860 1404 eius
890 1361 1083 1411 tolertibis‚
1115 1361 1147 1402 si
1177 1360 1267 1413 quid
1297 1360 1344 1401 ab
1372 1359 1435 1402 illo
1466 1357 1698 1412 acceperis?

1054 1435 1321 1490 Lysiteles.

358 1513 415 1556 Eo
445 1519 563 1568 pater.

1102 1586 1279 1628 Philto.

597 1664 666 1705 Pel
694 1675 773 1717 ego
801 1664 912 1707 istam
941 1662 1030 1704 volo
1061 1674 1124 1703 me
1152 1661 1340 1703 rationem
1370 1660 1550 1703 edoceas.

1057 1735 1323 1790 Lysiteles·

1653 1808 1770 1851 Licet.

359 1889 460 1931 Scin’
491 1895 530 1930 tu
558 1887 659 1930 illum
688 1900 767 1942 quo
795 1899 946 1942 genere
975 1886 1114 1941 gnatus
1144 1886 1224 1927 sit‘?

1103 1960 1280 2003 Philto.

1284 2036 1386 2087 Scio,
1417 2035 1587 2089 tipprime
1615 2034 1748 2089 probo.

1055 2111 1322 2165 Lysiteles.

250 2191 331 2233 370
360 2191 482 2234 Soror
511 2189 560 2232 illi
589 2189 649 2232 est
676 2187 803 2231 adulta
831 2188 944 2242 virgo
970 2187 1151 2242 grandis:
1183 2188 1268 2228 etim
1299 2188 1426 2239 cupio,
1456 2188 1578 2240 pater,

361 2267 517 2310 Ducere
546 2266 722 2309 nixorem.

1105 2337 1276 2379 Philto.

743 2417 835 2457 Sine
863 2414 987 2457 dete?

1063 2487 1326 2542 Lysiteles.

1018 2564 1108 2607 Sine
1138 2563 1242 2607 dote.

1108 2638 1280 2681 Philto.

1261 2713 1516 2756 Uxoremne‘?

1067 2791 1325 2846 Lysiteles.

1528 2862 1592 2903 ltii.
