2117 3199
1069 170 1133 215 54

969 290 1226 331 Stasimus.

261 360 512 414 Hospitiumst
541 362 775 404 calamitatis.
804 362 895 416 quid
923 363 1055 406 verbis
1085 365 1232 418 opiist‘?

153 435 233 475 550
265 435 446 484 Quamvis
476 437 612 478 malain]
641 450 724 479 rem
754 450 935 491 quaeras,
966 438 1039 480 illie
1067 442 1253 494 reperitis.

1010 533 1181 575 Philto.

265 606 317 645 At
345 610 384 646 tu
415 605 547 647 hercle
577 611 616 646 et
644 606 694 646 illi
725 612 763 647 et
794 608 891 648 alibi.

965 685 1218 728 Stasimus.

893 757 996 799 Caive
1026 760 1080 801 sis
1108 760 1255 803 dixeris

258 829 321 872 Me
349 831 413 872 tibi
447 832 594 875 dixisse
625 834 713 875 hoc.

1011 911 1181 952 Philto.

717 984 854 1027 Dixisti
884 987 1027 1027 {ircano
1058 986 1163 1027 satis.

967 1081 1224 1122 Stasimus.

256 1149 356 1197 Quin
386 1149 448 1192 hic
478 1152 634 1206 quidem
664 1154 766 1208 elipit
795 1153 897 1196 illum
925 1155 972 1196 ab
1004 1168 1049 1196 se
1079 1155 1345 1209 abzilienarier,

255 1225 451 1278 Siquidem
480 1228 656 1281 reperire
685 1230 823 1283 possit,
854 1229 994 1284 qubius
1026 1243 1072 1272 os
1104 1231 1279 1273 sublinfit.

1011 1326 1186 1371 Philto.

145 1395 225 1434 555
256 1394 367 1437 Meus
397 1398 552 1451 quidem
583 1399 715 1441 hercle
745 1401 953 1455 mimquam
982 1401 1060 1444 fiet.

967 1498 1221 1539 Stasimus.

1075 1573 1116 1615 Si
1145 1574 1275 1627 sapies
1304 1572 1471 1626 quidem.

252 1641 398 1696 Lepide
427 1643 560 1685 hercle
590 1644 640 1685 de
671 1658 769 1700 agro
801 1659 880 1700 ego
911 1647 1015 1688 hunc
1045 1648 1181 1689 senem
1211 1647 1402 1690 deterrui:

252 1717 348 1759 Nam
379 1719 442 1772 qui
472 1719 657 1773 vivamus,
687 1720 777 1762 nihii
807 1726 881 1774 est,
909 1722 942 1764 si
973 1722 1074 1763 illum
1105 1724 1287 1764 amiserit.

1002 1817 1176 1857 Philto.

255 1886 389 1929 Redeo
419 1889 467 1929 ad
498 1894 549 1942 te,
581 1889 811 1931 Lesboniee.

921 1967 1248 2009 Lesbonicus.

819 2042 888 2084 Dic
919 2041 1039 2084 sodes
1068 2043 1172 2095 mihi,

254 2112 353 2161 Quid
383 2113 446 2156 hic
474 2115 641 2157 locutus!
672 2118 832 2158 tecum?

1001 2194 1177 2236 Phino.

819 2270 918 2316 Quid
951 2270 1127 2311 censes?
1157 2269 1273 2311 homo
1305 2271 1383 2310 ‹isiz

140 2337 220 2378 560
251 2337 339 2380 Volt
367 2340 450 2381 sieri
479 2341 595 2383 liber:
626 2355 774 2396 verum,
805 2343 912 2398 qued
942 2344 1021 2398 det,
1052 2357 1129 2386 non
1160 2345 1285 2386 habet.

926 2438 1241 2481 Lesbonicus.

250 2508 297 2550 Et
326 2523 405 2564 ego
435 2523 528 2553 esse
556 2511 744 2567 locuples,
775 2527 909 2556 verum
940 2514 1199 2570 n‹'·qui(lquam
1230 2514 1333 2557 vols».

963 2609 1214 2652 Stasimus.

253 2679 426 2734 Licitum,
456 2682 488 2723 si
518 2682 657 2724 velles:
690 2697 805 2738 nune,
836 2699 953 2740 quom
984 2686 1072 2727 nihil
1105 2692 1177 2739 cst,
1209 2698 1289 2727 non
1318 2686 1421 2727 licet.

926 2781 1241 2823 Lesbonicus.

250 2852 347 2900 Quid
380 2857 506 2895 tecum
535 2853 730 2896 Suis-inne?
