2117 3199
1126 163 1191 210 96

992 284 1304 326 Charmides.

744 347 893 412 Edepol
922 370 1066 402 nomen
1095 359 1358 414 migatoridm:

207 436 288 476 935
320 432 440 483 Quasi
468 431 588 485 dicas,
619 433 651 474 si
681 432 771 486 quid
802 433 1032 476 crediderim
1062 435 1140 487 tihi,
1169 447 1260 488 pax,
1290 435 1455 488 periisse
1483 436 1592 478 illico.

319 508 399 552 Sed
427 507 518 562 quid
547 507 616 559 aiS,
647 520 724 561 quo
755 508 845 551 inde
873 510 934 552 isti
963 509 1117 564 porro?

993 603 1320 659 Sycophanta

1129 680 1170 722 Si
1199 679 1365 720 animum
1395 677 1590 733 advortas,
1621 680 1791 735 eloquar.

318 751 383 795 Ad
414 757 527 806 caput
555 753 692 806 amnis,
721 754 826 807 quod
855 753 906 797 de
936 755 1045 797 caelo
1076 754 1252 796 exoritur
1281 753 1353 796 sab
1382 754 1482 797 solio
1509 754 1624 799 lovis.

1006 847 1305 891 Charmides.

319 921 398 964 Sub
428 922 527 965 solio
556 922 690 966 Iovis?

982 999 1316 1053 Sycophanta:

725 1073 779 1116 lta
809 1074 912 1117 dico.

1002 1149 1301 1191 Charmides.

946 1214 977 1267 Ε
1008 1225 1206 1267 caelone?

994 1319 1324 1374 Sycophanta.

1251 1394 1381 1448 Atque
1411 1396 1433 1436 ιζ·
1463 1393 1591 1437 medio
1620 1395 1786 1448 quidem.

1009 1489 1312 1531 Charmides.

316 1566 424 1610 Ehot

319 1643 384 1685 An
414 1642 529 1685 etiam
558 1640 595 1683 in
627 1640 775 1683 caelum
803 1638 1043 1682 escendisti?

985 1735 1318 1788 Sycophanta.

1076 1809 1196 1850 Immo
1226 1808 1374 1851 horiola
1403 1808 1554 1852 advecti
1585 1810 1731 1862 sumdS,

207 1890 290 1931 940
320 1888 453 1943 Usque
483 1899 582 1942 aqua
612 1886 778 1928 advorsa
809 1897 879 1938 per
907 1886 1073 1927 amnem.

1009 1978 1069 2020 Ch
1081 1991 1177 2021 arm
1187 1981 1197 2020 i
1206 1979 1230 2020 d
1243 1992 1266 2021 c
1278 1993 1309 2021 s.

1145 2054 1242 2107 Eho,
1275 2068 1322 2096 an
1355 2055 1468 2096 etiam
1499 2053 1624 2096 vidisti
1653 2051 1813 2096 Iovem?

999 2149 1321 2202 Sycophanta.

322 2229 418 2274 Eum
450 2227 510 2270 alii
539 2226 577 2268 di
606 2226 685 2268 isse
717 2224 766 2265 ad
797 2224 920 2265 villam
950 2223 1078 2265 aibant
1106 2224 1232 2266 servis
1261 2225 1526 2279 depromptum
1557 2224 1696 2268 cibdm.

319 2303 469 2347 Deinde
499 2302 617 2357 pot-ro

1007 2374 1310 2417 Charmides.

682 2450 832 2493 Deinde
862 2450 979 2504 perro
1009 2449 1100 2492 nolo
1131 2450 1338 2504 quidquam
1368 2450 1582 2503 praedices.

987 2545 1013 2586 S
1023 2557 1046 2586 ο
1058 2557 1081 2586 c
1091 2557 1114 2586 ο
1127 2557 1150 2598 p
1161 2544 1184 2585 h
1196 2558 1217 2586 a
1226 2550 1272 2587 nt
1284 2557 1316 2586 a.

320 2623 406 2678 Ego
437 2622 592 2677 quidem
622 2622 766 2673 hercle,
797 2621 829 2663 si
861 2634 905 2663 cs
935 2621 1132 2663 molestus.

1001 2697 1030 2737 C
1041 2696 1062 2737 h
1076 2709 1097 2737 a
1110 2709 1130 2738 r
1141 2709 1176 2737 m
1186 2698 1196 2737 i
1205 2696 1228 2736 d
1241 2709 1263 2737 e
1274 2708 1304 2736 s.

1188 2771 1281 2811 Nam
1313 2771 1490 2825 pudicum
1520 2771 1711 2812 neminem

320 2849 420 2892 Esse
448 2849 602 2903 oportet
633 2847 840 2902 hominem,
872 2848 942 2891 abs
973 2848 1074 2891 terra
1105 2849 1151 2889 ad
1184 2847 1331 2891 caelum
1362 2848 1424 2900 qui
1455 2845 1686 2900 pervenerit.
