2117 3199
944 149 1009 196 80

120 273 267 330 Lepida
300 279 361 317 est
390 273 451 316 illa
483 273 636 325 caussa,
668 277 708 314 ut
740 271 1057 322 commemoravi,
1089 269 1239 323 dicere,

122 351 238 407 Apud
269 350 481 406 portitores
513 361 605 392 esse
634 348 847 402 inspectas.
906 347 1085 401 Denique

121 429 207 471 Diei
237 429 390 482 tempus
419 438 498 469 non
529 424 671 467 vides?
703 423 795 478 quid
825 422 928 465 illum
957 423 1069 477 putas

9 505 92 548 810
122 504 268 547 Natura
298 504 360 546 illa
389 505 507 558 atque
536 500 731 556 ingenio?
760 499 982 542 iamdudum
1014 499 1173 541 ebriust.

124 580 286 631 Quidvis
316 579 476 635 probari
504 578 660 634 poterit.
690 577 785 629 nim,
817 576 924 630 quod
953 575 1232 628 maxumumst,

123 658 298 710 Alfene,
327 654 409 698 non
438 658 578 708 petere
606 654 671 696 hic
701 666 747 695 se
776 652 892 695 dicet.

848 727 1103 770 Callicles.

888 804 969 846 Iam
998 808 1059 846 sat
1088 803 1161 846 est.

782 878 1163 936 MegaronideS.

121 964 209 1021 Ego
240 961 522 1019 sycophantam
552 960 628 1002 iam
659 958 840 1002 conduco
871 957 922 999 de
951 955 1056 1009 foro,

122 1040 397 1097 Epistulasque
427 1037 503 1080 iam
533 1035 778 1092 consignabo
810 1034 921 1087 duas,

13 1120 94 1163 815
125 1117 306 1172 Eumque
334 1115 413 1159 huc
440 1113 491 1157 ad
520 1113 816 1157 adulescentem
845 1109 1071 1152 meditatum
1100 1106 1225 1162 probe

122 1195 280 1239 Mittam.

847 1262 1099 1306 Callicles.

285 1345 345 1390 Eo
376 1357 456 1401 ego
486 1343 604 1399 igitur
634 1342 736 1384 intro
767 1339 816 1384 ad
847 1339 1020 1383 officium
1050 1337 1196 1380 meum.

124 1424 184 1467 Tu
212 1423 315 1467 istuc
344 1434 435 1478 age.

787 1489 1169 1547 Megaronides.

452 1574 595 1616 Actum
625 1571 789 1614 reddam
818 1566 1112 1624 nugacissume.

538 2164 886 2235 Actus
935 2157 1428 2231 Tertius.

904 2304 1055 2312 ———-

843 2420 1036 2478 Scena
1074 2417 1118 2477 Ι.

822 2554 1133 2600 Charmides.

132 2657 380 2714 Salsipotenti
411 2662 451 2700 et
479 2655 733 2710 multipotenti
763 2653 866 2696 lovis
897 2652 1006 2694 fratri
1035 2651 1216 2705 Neptuno
1248 2655 1287 2691 et
1316 2647 1449 2691 Nereo

133 2736 280 2779 Laetus
309 2735 448 2777 lubens
478 2732 616 2775 laudes
648 2745 741 2787 ago,
771 2736 811 2773 et
840 2729 963 2785 gratis
993 2732 1127 2783 gratas
1157 2726 1301 2778 habeo,
1333 2730 1374 2767 et
1402 2720 1585 2766 fluctibus
1615 2717 1746 2769 salsiS,

22 2812 104 2856 820
135 2814 247 2863 Quos
278 2812 402 2867 penes
431 2810 510 2853 mei
537 2809 606 2852 fuit
636 2808 826 2862 potestas,
858 2804 950 2860 quid
979 2803 1093 2846 bonis
1124 2803 1223 2845 meis
1254 2802 1359 2844 foret
1389 2804 1430 2842 et
1457 2798 1575 2850 vitae,

137 2890 266 2940 Quom
297 2888 380 2934 suis
410 2900 475 2932 me
506 2888 558 2931 ex
588 2885 688 2930 locis
719 2885 758 2928 in
789 2883 949 2939 patriam
980 2880 1171 2936 urbisque
1201 2878 1357 2922 moenia
1387 2875 1577 2921 reducem
1608 2870 1757 2916 faciunt
